


%%%%%%%%%%%%%%%%%%%%%%%%%%%%%%%%%%%%%%%%%
%%% STATS PAPERS %%%%%%%%%%%%%%%%%%
%%%%%%%%%%%%%%%%%%%%%%%%%%%%%%%%%%%%%%%%%


@ARTICLE{vaughan2010,
   author = {{Vaughan}, S.},
    title = "{A Bayesian test for periodic signals in red noise}",
  journal = {\mnras},
archivePrefix = "arXiv",
   eprint = {0910.2706},
 primaryClass = "astro-ph.HE",
 keywords = {methods: data analysis, methods: statistical, galaxies: Seyfert, X-rays: general},
     year = 2010,
    month = feb,
   volume = 402,
    pages = {307-320},
      doi = {10.1111/j.1365-2966.2009.15868.x},
   adsurl = {http://adsabs.harvard.edu/abs/2010MNRAS.402..307V},
  adsnote = {Provided by the SAO/NASA Astrophysics Data System}
}

@ARTICLE{zhang1995,
   author = {{Zhang}, W. and {Jahoda}, K. and {Swank}, J.~H. and {Morgan}, E.~H. and 
	{Giles}, A.~B.},
    title = "{Dead-Time Modifications to Fast Fourier Transform Power Spectra}",
  journal = {\apj},
 keywords = {INSTRUMENTATION: DETECTORS, METHODS: DATA ANALYSIS},
     year = 1995,
    month = aug,
   volume = 449,
    pages = {930},
      doi = {10.1086/176111},
   adsurl = {http://adsabs.harvard.edu/abs/1995ApJ...449..930Z},
  adsnote = {Provided by the SAO/NASA Astrophysics Data System}
}

@article{brewer2011,
year={2011},
issn={0960-3174},
journal={Statistics and Computing},
volume={21},
number={4},
doi={10.1007/s11222-010-9198-8},
title={Diffusive nested sampling},
url={http://dx.doi.org/10.1007/s11222-010-9198-8},
publisher={Springer US},
keywords={Nested sampling; Bayesian computation; Markov chain Monte Carlo},
author={Brewer, BrendonJ. and Pártay, LiviaB. and Csányi, Gábor},
pages={649-656},
language={English}
}

@INPROCEEDINGS{vanderklis1989,
   author = {{van der Klis}, M.},
    title = "{Fourier techniques in X-ray timing}",
 keywords = {X-Ray Pulsars: Periods, X-Ray Pulsars: Power Spectra},
booktitle = {Timing Neutron Stars},
     year = 1989,
   editor = {{{\"O}gelman}, H. and {van den Heuvel}, E.~P.~J.},
    pages = {27},
   adsurl = {http://adsabs.harvard.edu/abs/1989tns..conf...27V},
  adsnote = {Provided by the SAO/NASA Astrophysics Data System}
}
@ARTICLE{groth1975,
   author = {{Groth}, E.~J.},
    title = "{Probability distributions related to power spectra.}",
  journal = {\apjs},
     year = 1975,
    month = jun,
   volume = 29,
    pages = {285-302},
      doi = {10.1086/190343},
   adsurl = {http://adsabs.harvard.edu/abs/1975ApJS...29..285G},
  adsnote = {Provided by the SAO/NASA Astrophysics Data System}
}

%%%%%%%%%%%%%%%%%%%%%%%%%%%%%%%%%%%%%%%%%
%%% INSTRUMENT PAPERS %%%%%%%%%%%%%%%%%%
%%%%%%%%%%%%%%%%%%%%%%%%%%%%%%%%%%%%%%%%%

@ARTICLE{jahoda2006,
   author = {{Jahoda}, K. and {Markwardt}, C.~B. and {Radeva}, Y. and {Rots}, A.~H. and 
	{Stark}, M.~J. and {Swank}, J.~H. and {Strohmayer}, T.~E. and 
	{Zhang}, W.},
    title = "{Calibration of the Rossi X-Ray Timing Explorer Proportional Counter Array}",
  journal = {\apjs},
   eprint = {astro-ph/0511531},
 keywords = {Instrumentation: Detectors, Space Vehicles: Instruments},
     year = 2006,
    month = apr,
   volume = 163,
    pages = {401-423},
      doi = {10.1086/500659},
   adsurl = {http://adsabs.harvard.edu/abs/2006ApJS..163..401J},
  adsnote = {Provided by the SAO/NASA Astrophysics Data System}
}

@ARTICLE{meegan2009,
   author = {{Meegan}, C. and {Lichti}, G. and {Bhat}, P.~N. and {Bissaldi}, E. and 
	{Briggs}, M.~S. and {Connaughton}, V. and {Diehl}, R. and {Fishman}, G. and 
	{Greiner}, J. and {Hoover}, A.~S. and {van der Horst}, A.~J. and 
	{von Kienlin}, A. and {Kippen}, R.~M. and {Kouveliotou}, C. and 
	{McBreen}, S. and {Paciesas}, W.~S. and {Preece}, R. and {Steinle}, H. and 
	{Wallace}, M.~S. and {Wilson}, R.~B. and {Wilson-Hodge}, C.},
    title = "{The fermi gamma-ray burst monitor}",
  journal = {\apj},
archivePrefix = "arXiv",
   eprint = {0908.0450},
 primaryClass = "astro-ph.IM",
 keywords = {gamma rays: bursts, instrumentation: detectors},
     year = 2009,
    month = sep,
   volume = 702,
      eid = {791},
    pages = {791-804},
      doi = {10.1088/0004-637X/702/1/791},
   adsurl = {http://adsabs.harvard.edu/abs/2009ApJ...702..791M},
  adsnote = {Provided by the SAO/NASA Astrophysics Data System}
}

%%%%%%%%%%%%%%%%%%%%%%%%%%%%%%%%%%%%%%%%%
%%% MAGNETAR BURST OBSERVATIONS %%%%%%%%%%%%%%%%%%
%%%%%%%%%%%%%%%%%%%%%%%%%%%%%%%%%%%%%%%%%
@ARTICLE{vanderhorst2010,
   author = {{van der Horst}, A.~J. and {Connaughton}, V. and {Kouveliotou}, C. and 
	{G{\"o}{\v g}{\"u}{\c s}}, E. and {Kaneko}, Y. and {Wachter}, S. and 
	{Briggs}, M.~S. and {Granot}, J. and {Ramirez-Ruiz}, E. and 
	{Woods}, P.~M. and {Aptekar}, R.~L. and {Barthelmy}, S.~D. and 
	{Cummings}, J.~R. and {Finger}, M.~H. and {Frederiks}, D.~D. and 
	{Gehrels}, N. and {Gelino}, C.~R. and {Gelino}, D.~M. and {Golenetskii}, S. and 
	{Hurley}, K. and {Krimm}, H.~A. and {Mazets}, E.~P. and {McEnery}, J.~E. and 
	{Meegan}, C.~A. and {Oleynik}, P.~P. and {Palmer}, D.~M. and 
	{Pal'shin}, V.~D. and {Pe'er}, A. and {Svinkin}, D. and {Ulanov}, M.~V. and 
	{van der Klis}, M. and {von Kienlin}, A. and {Watts}, A.~L. and 
	{Wilson-Hodge}, C.~A.},
    title = "{Discovery of a New Soft Gamma Repeater: SGR J0418 + 5729}",
  journal = {\apjl},
archivePrefix = "arXiv",
   eprint = {0911.5544},
 primaryClass = "astro-ph.HE",
 keywords = {pulsars: individual: SGR J0418+5729, stars: neutron, X-rays: bursts},
     year = 2010,
    month = mar,
   volume = 711,
    pages = {L1-L6},
      doi = {10.1088/2041-8205/711/1/L1},
   adsurl = {http://adsabs.harvard.edu/abs/2010ApJ...711L...1V},
  adsnote = {Provided by the SAO/NASA Astrophysics Data System}
}
@ARTICLE{esposito2010,
   author = {{Esposito}, P. and {Israel}, G.~L. and {Turolla}, R. and {Tiengo}, A. and 
	{G{\"o}tz}, D. and {de Luca}, A. and {Mignani}, R.~P. and {Zane}, S. and 
	{Rea}, N. and {Testa}, V. and {Caraveo}, P.~A. and {Chaty}, S. and 
	{Mattana}, F. and {Mereghetti}, S. and {Pellizzoni}, A. and 
	{Romano}, P.},
    title = "{Early X-ray and optical observations of the soft gamma-ray repeater SGR0418+5729}",
  journal = {\mnras},
archivePrefix = "arXiv",
   eprint = {1002.3506},
 primaryClass = "astro-ph.HE",
 keywords = {stars: neutron, pulsars: general, X-rays: individual: SGR0418+5729},
     year = 2010,
    month = jul,
   volume = 405,
    pages = {1787-1795},
      doi = {10.1111/j.1365-2966.2010.16551.x},
   adsurl = {http://adsabs.harvard.edu/abs/2010MNRAS.405.1787E},
  adsnote = {Provided by the SAO/NASA Astrophysics Data System}
}

@ARTICLE{rea2010,
   author = {{Rea}, N. and {Esposito}, P. and {Turolla}, R. and {Israel}, G.~L. and 
	{Zane}, S. and {Stella}, L. and {Mereghetti}, S. and {Tiengo}, A. and 
	{G{\"o}tz}, D. and {G{\"o}{\u g}{\"u}{\c s}}, E. and {Kouveliotou}, C.
	},
    title = "{A Low-Magnetic-Field Soft Gamma Repeater}",
  journal = {Science},
archivePrefix = "arXiv",
   eprint = {1010.2781},
 primaryClass = "astro-ph.HE",
     year = 2010,
    month = nov,
   volume = 330,
    pages = {944-},
      doi = {10.1126/science.1196088},
   adsurl = {http://adsabs.harvard.edu/abs/2010Sci...330..944R},
  adsnote = {Provided by the SAO/NASA Astrophysics Data System}
}

@ARTICLE{rea2012,
   author = {{Rea}, N. and {Israel}, G.~L. and {Esposito}, P. and {Pons}, J.~A. and 
	{Camero-Arranz}, A. and {Mignani}, R.~P. and {Turolla}, R. and 
	{Zane}, S. and {Burgay}, M. and {Possenti}, A. and {Campana}, S. and 
	{Enoto}, T. and {Gehrels}, N. and {G{\"o}{\v g}{\"u}{\c s}}, E. and 
	{G{\"o}tz}, D. and {Kouveliotou}, C. and {Makishima}, K. and 
	{Mereghetti}, S. and {Oates}, S.~R. and {Palmer}, D.~M. and 
	{Perna}, R. and {Stella}, L. and {Tiengo}, A.},
    title = "{A New Low Magnetic Field Magnetar: The 2011 Outburst of Swift J1822.3-1606}",
  journal = {\apj},
archivePrefix = "arXiv",
   eprint = {1203.6449},
 primaryClass = "astro-ph.GA",
 keywords = {stars: individual: Swift J1822.3{\ndash}1606, stars: magnetars, stars: neutron, X-rays: bursts, X-rays: stars},
     year = 2012,
    month = jul,
   volume = 754,
      eid = {27},
    pages = {27},
      doi = {10.1088/0004-637X/754/1/27},
   adsurl = {http://adsabs.harvard.edu/abs/2012ApJ...754...27R},
  adsnote = {Provided by the SAO/NASA Astrophysics Data System}
}

@ARTICLE{scholz2012,
   author = {{Scholz}, P. and {Ng}, C.-Y. and {Livingstone}, M.~A. and {Kaspi}, V.~M. and 
	{Cumming}, A. and {Archibald}, R.~F.},
    title = "{Post-outburst X-Ray Flux and Timing Evolution of Swift J1822.3-1606}",
  journal = {\apj},
archivePrefix = "arXiv",
   eprint = {1204.1034},
 primaryClass = "astro-ph.HE",
 keywords = {pulsars: individual: Swift J1822.3{\ndash}1606, stars: neutron, X-rays: bursts, X-rays: general},
     year = 2012,
    month = dec,
   volume = 761,
      eid = {66},
    pages = {66},
      doi = {10.1088/0004-637X/761/1/66},
   adsurl = {http://adsabs.harvard.edu/abs/2012ApJ...761...66S},
  adsnote = {Provided by the SAO/NASA Astrophysics Data System}
}


@ARTICLE{rea2014,
   author = {{Rea}, N. and {Vigan{\`o}}, D. and {Israel}, G.~L. and {Pons}, J.~A. and 
	{Torres}, D.~F.},
    title = "{3XMM J185246.6+003317: Another Low Magnetic Field Magnetar}",
  journal = {\apjl},
archivePrefix = "arXiv",
   eprint = {1311.3091},
 primaryClass = "astro-ph.GA",
 keywords = {pulsars: general, X-rays: stars},
     year = 2014,
    month = jan,
   volume = 781,
      eid = {L17},
    pages = {L17},
      doi = {10.1088/2041-8205/781/1/L17},
   adsurl = {http://adsabs.harvard.edu/abs/2014ApJ...781L..17R},
  adsnote = {Provided by the SAO/NASA Astrophysics Data System}
}


@ARTICLE{gogus1999,
   author = {{G{\"o}{\v g}{\"u}{\c S} }, E. and {Woods}, P.~M. and {Kouveliotou}, C. and 
	{van Paradijs}, J. and {Briggs}, M.~S. and {Duncan}, R.~C. and 
	{Thompson}, C.},
    title = "{Statistical Properties of SGR 1900+14 Bursts}",
  journal = {\apjl},
   eprint = {astro-ph/9910062},
 keywords = {GAMMA RAYS: BURSTS, STARS: INDIVIDUAL: ALPHANUMERIC: SGR 1900+14, X-RAYS: BURSTS},
     year = 1999,
    month = dec,
   volume = 526,
    pages = {L93-L96},
      doi = {10.1086/312380},
   adsurl = {http://adsabs.harvard.edu/abs/1999ApJ...526L..93G},
  adsnote = {Provided by the SAO/NASA Astrophysics Data System}
}


@ARTICLE{gogus2000,
   author = {{G{\"o}{\v g}{\"u}{\c s}}, E. and {Woods}, P.~M. and {Kouveliotou}, C. and 
	{van Paradijs}, J. and {Briggs}, M.~S. and {Duncan}, R.~C. and 
	{Thompson}, C.},
    title = "{Statistical Properties of SGR 1806-20 Bursts}",
  journal = {\apjl},
   eprint = {astro-ph/0002181},
 keywords = {GAMMA RAYS: BURSTS, STARS: INDIVIDUAL: ALPHANUMERIC: SGR 1806-20, X-RAYS: BURSTS},
     year = 2000,
    month = apr,
   volume = 532,
    pages = {L121-L124},
      doi = {10.1086/312583},
   adsurl = {http://adsabs.harvard.edu/abs/2000ApJ...532L.121G},
  adsnote = {Provided by the SAO/NASA Astrophysics Data System}
}


@ARTICLE{huppenkothen2013,
   author = {{Huppenkothen}, D. and {Watts}, A.~L. and {Uttley}, P. and {van der Horst}, A.~J. and 
	{van der Klis}, M. and {Kouveliotou}, C. and {G{\"o}{\v g}{\"u}{\c s}}, E. and 
	{Granot}, J. and {Vaughan}, S. and {Finger}, M.~H.},
    title = "{Quasi-periodic Oscillations and Broadband Variability in Short Magnetar Bursts}",
  journal = {\apj},
archivePrefix = "arXiv",
   eprint = {1212.1011},
 primaryClass = "astro-ph.HE",
 keywords = {methods: data analysis, methods: statistical, pulsars: individual: SGR 0501+4516, stars: magnetic field, stars: neutron, X-rays: bursts },
     year = 2013,
    month = may,
   volume = 768,
      eid = {87},
    pages = {87},
      doi = {10.1088/0004-637X/768/1/87},
   adsurl = {http://adsabs.harvard.edu/abs/2013ApJ...768...87H},
  adsnote = {Provided by the SAO/NASA Astrophysics Data System}
}
@ARTICLE{huppenkothen2014,
   author = {{Huppenkothen}, D. and {D'Angelo}, C. and {Watts}, A.~L. and 
	{Heil}, L. and {van der Klis}, M. and {van der Horst}, A.~J. and 
	{Kouveliotou}, C. and {Baring}, M.~G. and {G{\"o}{\u g}{\"u}{\c s}}, E. and 
	{Granot}, J. and {Kaneko}, Y. and {Lin}, L. and {von Kienlin}, A. and 
	{Younes}, G.},
    title = "{Quasi-periodic Oscillations in Short Recurring Bursts of the Soft Gamma Repeater J1550-5418}",
  journal = {\apj},
archivePrefix = "arXiv",
   eprint = {1404.2756},
 primaryClass = "astro-ph.HE",
 keywords = {methods: data analysis, methods: statistical, pulsars: individual: SGR J1550{\ndash}5418, stars: magnetic field, stars: neutron, X-rays: bursts},
     year = 2014,
    month = jun,
   volume = 787,
      eid = {128},
    pages = {128},
      doi = {10.1088/0004-637X/787/2/128},
   adsurl = {http://adsabs.harvard.edu/abs/2014ApJ...787..128H},
  adsnote = {Provided by the SAO/NASA Astrophysics Data System}
}


%%%%%%%%%%%%%%%%%%%%%%%%%%%%%%%%%%%%%%%%%%%%%
%%%%% MAGNETAR THEORY %%%%%%%%%%%%%%%%%%%%%%%%%%%%
%%%%%%%%%%%%%%%%%%%%%%%%%%%%%%%%%%%%%%%%%%%%%

